@inproceedings{Schweisgut06,
  added-at = {2011-05-31T00:00:00.000+0200},
  author = {Schweisgut, Jorn},
  biburl = {http://www.bibsonomy.org/bibtex/2477e050ae6288a4377ee8a55cf8018f0/dblp},
  booktitle = {Electronic Voting},
  crossref = {conf/ev/2006},
  editor = {Krimmer, Robert},
  ee = {http://subs.emis.de/LNI/Proceedings/Proceedings86/article4560.html},
  interhash = {0f8c0761e16caf86db2640bdbc06d5fa},
  intrahash = {477e050ae6288a4377ee8a55cf8018f0},
  isbn = {978-3-88579-180-5},
  keywords = {dblp},
  pages = {171-177},
  publisher = {GI},
  series = {LNI},
  timestamp = {2011-05-31T00:00:00.000+0200},
  title = {Coercion-Resistant Electronic Elections with Observer.},
  url = {http://dblp.uni-trier.de/db/conf/ev/ev2006.html#Schweisgut06},
  volume = 86,
  year = 2006
}

@MISC{WDSmith05,
  title = {New cryptographic voting scheme with best-known theoretical properties},
  author = {Warren D. Smith},
  institution  = {Frontiers in Electronic Elections (FEE 2005)},
  month = {June},
  year = {2005} 
}

@inproceedings{Weber07,
  added-at = {2008-04-25T00:00:00.000+0200},
  author = {Weber, Stefan G. and Araujo, Roberto and Buchmann, Johannes},
  biburl = {http://www.bibsonomy.org/bibtex/2ba7891421f64f02cf55c431421feb626/dblp},
  booktitle = {ARES},
  crossref = {conf/IEEEares/2007},
  date = {2008-04-25},
  description = {dblp},
  ee = {http://doi.ieeecomputersociety.org/10.1109/ARES.2007.108},
  interhash = {6de8c315f5992debd011644113873666},
  intrahash = {ba7891421f64f02cf55c431421feb626},
  keywords = {dblp},
  pages = {908-916},
  publisher = {IEEE Computer Society},
  timestamp = {2008-04-25T00:00:00.000+0200},
  title = {On Coercion-Resistant Electronic Elections with Linear Work.},
  url = {http://dblp.uni-trier.de/db/conf/IEEEares/ares2007.html#WeberAB07},
  year = 2007
}

@inproceedings{SpycherKHS11,
 author = {Spycher, Oliver and Koenig, Reto and Haenni, Rolf and Schlapfer, Michael},
 title = {A new approach towards coercion-resistant remote e-voting in linear time},
 booktitle = {Proceedings of the 15th international conference on Financial Cryptography and Data Security},
 series = {FC'11},
 year = {2012},
 isbn = {978-3-642-27575-3},
 location = {Gros Islet, St. Lucia},
 pages = {182--189},
 numpages = {8},
 url = {http://dx.doi.org/10.1007/978-3-642-27576-0_15},
 doi = {10.1007/978-3-642-27576-0_15},
 acmid = {2186399},
 publisher = {Springer-Verlag},
 address = {Berlin, Heidelberg}
} 

@inproceedings{SchlapferHKS11,
  added-at = {2012-09-18T00:00:00.000+0200},
  author = {Schlapfer, Michael and Haenni, Rolf and Koenig, Reto E. and Spycher, Oliver},
  biburl = {http://www.bibsonomy.org/bibtex/2e395761ed30113ff1ba3bb4c2a4897dc/dblp},
  booktitle = {VOTE-ID},
  crossref = {conf/voteid/2011},
  editor = {Kiayias, Aggelos and Lipmaa, Helger},
  ee = {http://dx.doi.org/10.1007/978-3-642-32747-6_5},
  interhash = {24ec49ba5e5dc99ba2891b7e5e3f1080},
  intrahash = {e395761ed30113ff1ba3bb4c2a4897dc},
  isbn = {978-3-642-32746-9},
  keywords = {dblp},
  pages = {71-88},
  publisher = {Springer},
  series = {Lecture Notes in Computer Science},
  timestamp = {2012-09-18T00:00:00.000+0200},
  title = {Efficient Vote Authorization in Coercion-Resistant Internet Voting.},
  url = {http://dblp.uni-trier.de/db/conf/voteid/voteid2011.html#SchlapferHKS11},
  volume = 7187,
  year = 2011
}

@inproceedings{KoenigHF11,
  author    = {Reto E. Koenig and
               Rolf Haenni and
               Stephan Fischli},
  title     = {Preventing Board Flooding Attacks in Coercion-Resistant
               Electronic Voting Schemes},
  booktitle = {SEC},
  year      = {2011},
  pages     = {116-127},
  ee        = {http://dx.doi.org/10.1007/978-3-642-21424-0_10},
  crossref  = {DBLP:conf/sec/2011},
  bibsource = {DBLP, http://dblp.uni-trier.de}
}

@inproceedings{AraujoFT07,
  author    = {Roberto Ara{\'u}jo and
               S{\'e}bastien Foulle and
               Jacques Traor{\'e}},
  title     = {A practical and secure coercion-resistant scheme for remote
               elections},
  booktitle = {Frontiers of Electronic Voting},
  year      = {2007},
  ee        = {http://drops.dagstuhl.de/opus/volltexte/2008/1295},
  crossref  = {DBLP:conf/dagstuhl/2007P7311},
  bibsource = {DBLP, http://dblp.uni-trier.de}
}

@inproceedings{Araujo10,
  author    = {Roberto Ara{\'u}jo and
               Narjes Ben Rajeb and
               Riadh Robbana and
               Jacques Traor{\'e} and
               Souheib Yousfi},
  title     = {Towards Practical and Secure Coercion-Resistant Electronic
               Elections},
  booktitle = {CANS},
  year      = {2010},
  pages     = {278-297},
  ee        = {http://dx.doi.org/10.1007/978-3-642-17619-7_20},
  crossref  = {DBLP:conf/cans/2010},
  bibsource = {DBLP, http://dblp.uni-trier.de}
}

@inproceedings{AraujoT13,
  author    = {Roberto Ara{\'u}jo and
               Jacques Traor{\'e}},
  title     = {A Practical Coercion Resistant Voting Scheme Revisited},
  booktitle = {VOTE-ID},
  year      = {2013},
  pages     = {193-209},
  ee        = {http://dx.doi.org/10.1007/978-3-642-39185-9_12},
  crossref  = {DBLP:conf/voteid/2013},
  bibsource = {DBLP, http://dblp.uni-trier.de}
}

@inproceedings{civitas08,
  added-at = {2008-05-19T00:00:00.000+0200},
  author = {Clarkson, Michael R. and Chong, Stephen and Myers, Andrew C.},
  biburl = {http://www.bibsonomy.org/bibtex/2fc0b7c2a90dfc4cfc9dfd1711c7aedaa/dblp},
  booktitle = {IEEE Symposium on Security and Privacy},
  crossref = {conf/sp/2008},
  date = {2008-05-19},
  description = {dblp},
  ee = {http://doi.ieeecomputersociety.org/10.1109/SP.2008.32},
  interhash = {a21efb5a01431b4639f741c0a9beb022},
  intrahash = {fc0b7c2a90dfc4cfc9dfd1711c7aedaa},
  keywords = {dblp},
  pages = {354-368},
  publisher = {IEEE Computer Society},
  timestamp = {2008-05-19T00:00:00.000+0200},
  title = {Civitas: Toward a Secure Voting System.},
  url = {http://dblp.uni-trier.de/db/conf/sp/sp2008.html#ClarksonCM08},
  year = 2008
}

@article{CH11,
  added-at = {2012-01-13T00:00:00.000+0100},
  author = {Clark, Jeremy and Hengartner, Urs},
  biburl = {http://www.bibsonomy.org/bibtex/28c3ee1d3b6378b8aadfdb077e8205211/dblp},
  ee = {http://eprint.iacr.org/2011/166},
  interhash = {5ad7df5100d16fc17c42f5142404239e},
  intrahash = {8c3ee1d3b6378b8aadfdb077e8205211},
  journal = {IACR Cryptology ePrint Archive},
  keywords = {dblp},
  pages = 166,
  timestamp = {2012-01-13T00:00:00.000+0100},
  title = {Selections: Internet Voting with Over-the-Shoulder Coercion-Resistance.},
  url = {http://dblp.uni-trier.de/db/journals/iacr/iacr2011.html#ClarkH11},
  volume = 2011,
  year = 2011
}

@MISC{CPanic,
    author = {Jeremy Clark and Urs Hengartner},
    title = {Panic Passwords  Authenticating under Duress}
}

@inproceedings{juels2005coercion,
  title={Coercion-resistant electronic elections},
  author={Juels, Ari and Catalano, Dario and Jakobsson, Markus},
  booktitle={Proceedings of the 2005 ACM workshop on Privacy in the electronic society},
  pages={61--70},
  year={2005},
  organization={ACM}
}
