@article{ryan2009pret,
  title={The pr{\^e}t {\`a} voter verifiable election system},
  author={Ryan, Peter YA and Bismark, David and Heather, JA and Schneider, Steve A and Xia, Zhe},
  journal={IEEE transactions on information forensics and security},
  volume={4},
  number={4},
  pages={662--673},
  year={2009},
  publisher={IEEE}
}

@inproceedings{DBLP:conf/esorics/ChaumRS05,
  author    = {David Chaum and
               Peter Y. A. Ryan and
               Steve A. Schneider},
  title     = {A Practical Voter-Verifiable Election Scheme},
  booktitle = {ESORICS},
  year      = {2005},
  pages     = {118-139},
  ee        = {http://dx.doi.org/10.1007/11555827_8},
  crossref  = {DBLP:conf/esorics/2005},
  bibsource = {DBLP, http://dblp.uni-trier.de}
}

@inproceedings{DBLP:conf/esorics/RyanS06,
  author    = {Peter Y. A. Ryan and
               Steve A. Schneider},
  title     = {Pr{\^e}t {\`a} Voter with Re-encryption Mixes},
  booktitle = {ESORICS},
  year      = {2006},
  pages     = {313-326},
  ee        = {http://dx.doi.org/10.1007/11863908_20},
  crossref  = {DBLP:conf/esorics/2006},
  bibsource = {DBLP, http://dblp.uni-trier.de}
}

@article{ryan2008pret,
  title={Pr{\^e}t {\`a} Voter with Paillier encryption},
  author={Ryan, Peter YA},
  journal={Mathematical and Computer Modelling},
  volume={48},
  number={9},
  pages={1646--1662},
  year={2008},
  publisher={Elsevier}
}

@inproceedings{heather2007implementing,
  title={Implementing STV securely in Pret a Voter},
  author={Heather, James},
  booktitle={Computer Security Foundations Symposium, 2007. CSF'07. 20th IEEE},
  pages={157--169},
  year={2007},
  organization={IEEE}
}

@article{chaum2004secret,
  title={Secret-ballot receipts: True voter-verifiable elections},
  author={Chaum, David},
  journal={Security \& Privacy, IEEE},
  volume={2},
  number={1},
  pages={38--47},
  year={2004},
  publisher={IEEE}
}

@article{rivest2008notion,
  title={On the notion of ‘software independence’in voting systems},
  author={Rivest, Ronald L},
  journal={Philosophical Transactions of the Royal Society A: Mathematical, Physical and Engineering Sciences},
  volume={366},
  number={1881},
  pages={3759--3767},
  year={2008},
  publisher={The Royal Society}
}

@inproceedings{naor1995visual,
  title={Visual cryptography},
  author={Naor, Moni and Shamir, Adi},
  booktitle={Advances in Cryptology—EUROCRYPT'94},
  pages={1--12},
  year={1995},
  organization={Springer}
}

@INPROCEEDINGS{Clarkson05,
    author = {Michael R. Clarkson and Andrew C. Myers},
    title = {Coercion-resistant remote voting using decryption mixes},
    booktitle = {In Frontiers in Electronic Elections (FEE 2005},
    year = {2005}
}

@incollection{xia2010versatile,
  title={Versatile Pr{\^e}t {\`a} Voter: Handling multiple election methods with a unified interface},
  author={Xia, Zhe and Culnane, Chris and Heather, James and Jonker, Hugo and Ryan, Peter YA and Schneider, Steve and Srinivasan, Sriramkrishnan},
  booktitle={Progress in Cryptology-INDOCRYPT 2010},
  pages={98--114},
  year={2010},
  publisher={Springer}
}







