@inproceedings{PF90,
  title={How to break the direct RSA-implementation of mixes},
  author={Pfitzmann, B. and Pfitzmann, A.},
  booktitle={Advances in Cryptology—EUROCRYPT’89},
  pages={373--381},
  year={1990},
  organization={Springer}
}
@inproceedings{P95,
  title={Breaking an efficient anonymous channel},
  author={Pfitzmann, B.},
  booktitle={Advances in Cryptology—EUROCRYPT'94},
  pages={332--340},
  year={1995},
  organization={Springer}
}

@inproceedings{MH96,
  title={Some remarks on a receipt-free and universally verifiable mix-type voting scheme},
  author={Michels, M. and Horster, P.},
  booktitle={Advances in Cryptology—ASIACRYPT'96},
  pages={125--132},
  year={1996},
  organization={Springer}
}

@techreport{KSDW12,
  title={Randomized partial checking revisited},
  author={Khazaei, Shahram and Wikstr{\"o}m, Douglas},
  year={2012},
  institution={Cryptology ePrint Archive, Report 2012/063, 2 012. http://eprint. iacr. org}
}

@inproceedings{SCYTL10,
  author    = {Jordi Puiggal\'{\i} Allepuz and
               Sandra Guasch Castell{\'o}},
  title     = {Universally Verifiable Efficient Re-encryption Mixnet},
  booktitle = {Electronic Voting},
  year      = {2010},
  pages     = {241-254},
  ee        = {http://subs.emis.de/LNI/Proceedings/Proceedings167/article5682.html},
  crossref  = {DBLP:conf/ev/2010},
  bibsource = {DBLP, http://dblp.uni-trier.de}
}

@inproceedings{Khazaei:2012:CUV:2372353.2372360,
 author = {Khazaei, Shahram and Terelius, Bj\"{o}rn and Wikstr\"{o}m, Douglas},
 title = {Cryptanalysis of a universally verifiable efficient re-encryption mixnet},
 booktitle = {Proceedings of the 2012 international conference on Electronic Voting Technology/Workshop on Trustworthy Elections},
 series = {EVT/WOTE'12},
 year = {2012},
 location = {Bellevue, WA},
 pages = {7--7},
 numpages = {1},
 url = {http://dl.acm.org/citation.cfm?id=2372353.2372360},
 acmid = {2372360},
 publisher = {USENIX Association},
 address = {Berkeley, CA, USA},
} 

@inproceedings{W04,
  title={Five practical attacks for “optimistic mixing for exit-polls”},
  author={Wikstr{\"o}m, Douglas},
  booktitle={Selected Areas in Cryptography},
  pages={160--174},
  year={2004},
  organization={Springer}
}

@phdthesis{adidaPhd,
  title={Advances in cryptographic voting systems},
  author={Adida, B.},
  year={2006},
  school={Massachusetts Institute of Technology}
}
