@inproceedings{Paillier99,
 author = {Paillier, Pascal},
 title = {Public-key cryptosystems based on composite degree residuosity classes},
 booktitle = {Proceedings of the 17th international conference on Theory and application of cryptographic techniques},
 series = {EUROCRYPT'99},
 year = {1999},
 isbn = {3-540-65889-0},
 location = {Prague, Czech Republic},
 pages = {223--238},
 numpages = {16},
 url = {http://dl.acm.org/citation.cfm?id=1756123.1756146},
 acmid = {1756146},
 publisher = {Springer-Verlag},
 address = {Berlin, Heidelberg},
}  

@inproceedings{Damgard2001,
 author = {Damg{\aa}rd, Ivan and Jurik, Mats},
 title = {A Generalisation, a Simplification and Some Applications of Paillier's Probabilistic Public-Key System},
 booktitle = {Proceedings of the 4th International Workshop on Practice and Theory in Public Key Cryptography: Public Key Cryptography},
 series = {PKC '01},
 year = {2001},
 isbn = {3-540-41658-7},
 pages = {119--136},
 numpages = {18},
 url = {http://dl.acm.org/citation.cfm?id=648118.746742},
 acmid = {746742},
 publisher = {Springer-Verlag},
 address = {London, UK, UK},
} 
 





