@article{Chaum81,
  author    = {David Chaum},
  title     = {Untraceable Electronic Mail, Return Addresses, and Digital
               Pseudonyms},
  journal   = {Commun. ACM},
  volume    = {24},
  number    = {2},
  year      = {1981},
  pages     = {84-88},
  ee        = {http://doi.acm.org/10.1145/358549.358563},
  bibsource = {DBLP, http://dblp.uni-trier.de}
}

@inproceedings{PIK93,
  title = {Efficient Anonymous Channel and All/Nothing Election Scheme},
  author = {Choonsik Park and Kazutomo Itoh and Kaoru Kurosawa},
  year = {1993},
  doi = {http://link.springer.de/link/service/series/0558/bibs/0765/07650248.htm},
  researchr = {http://researchr.org/publication/ParkIK93},
  cites = {0},
  citedby = {0},
  pages = {248-259},
  booktitle = {EUROCRYPT},
}

@inproceedings{SK95,
  title = {Receipt-Free {MIX}-Type Voting Scheme - A Practical Solution to the
        Implementation of a Voting Booth}, 
  author = {Joe Kilian and Kazue Sako}, 
  booktitle = {Proceedings of {EUROCRYPT} 1995}, 
  year = {1995}, 
  publisher = {Springer-Verlag}   
}

@incollection{abe98,
year={1998},
isbn={978-3-540-64518-4},
booktitle={Advances in Cryptology — EUROCRYPT'98},
volume={1403},
series={Lecture Notes in Computer Science},
editor={Nyberg, Kaisa},
doi={10.1007/BFb0054144},
title={Universally verifiable mix-net with verification work independent of the number of mix-servers},
url={http://dx.doi.org/10.1007/BFb0054144},
publisher={Springer Berlin Heidelberg},
keywords={Mix-net; Electronic Voting; Universal Verifiability},
author={Abe, Masayuki},
pages={437-447}
}

@techreport{JJ99,
 author = {Markus, Jakobsson and Ari, Juels},
 title = {Millimix: Mixing in Small Batches},
 year = {1999},
 source = {http://www.ncstrl.org:8900/ncstrl/servlet/search?formname=detail\&id=oai%3Ancstrlh%3Adimacs%3Adimacs%2F%2F99-33},
 publisher = {Center for Discrete Mathematics \&\#38; Theoretical Computer Science},
}

@inproceedings{J99, address = {New York, NY, USA}, 
  author = {Jakobsson, Markus}, 
  booktitle = {PODC '99: Proceedings of the eighteenth annual ACM symposium on Principles of distributed computing}, 
  citeulike-article-id = {7845823}, 
  citeulike-linkout-0 = {http://markus-jakobsson.com/papers/jakobsson-podc99.pdf}, 
  keywords = {distributed-computing, encryption, privacy, publications}, 
  location = {Atlanta, Georgia, United States}, 
  pages = {83--89}, 
  posted-at = {2010-09-17 03:21:07}, 
  priority = {0}, 
  publisher = {ACM}, 
  title = {Flash mixing}, 
  url = {http://markus-jakobsson.com/papers/jakobsson-podc99.pdf}, 
  year = {1999}
}

@inproceedings{FS01,
 author = {Furukawa, Jun and Sako, Kazue},
 title = {An Efficient Scheme for Proving a Shuffle},
 booktitle = {Proceedings of the 21st Annual International Cryptology Conference on Advances in Cryptology},
 series = {CRYPTO '01},
 year = {2001},
 isbn = {3-540-42456-3},
 pages = {368--387},
 numpages = {20},
 url = {http://dl.acm.org/citation.cfm?id=646766.704279},
 acmid = {704279},
 publisher = {Springer-Verlag},
 address = {London, UK, UK},
} 

@inproceedings{Neff01,
 author = {Neff, C. Andrew},
 title = {A verifiable secret shuffle and its application to e-voting},
 booktitle = {Proceedings of the 8th ACM conference on Computer and Communications Security},
 series = {CCS '01},
 year = {2001},
 isbn = {1-58113-385-5},
 location = {Philadelphia, PA, USA},
 pages = {116--125},
 numpages = {10},
 url = {http://doi.acm.org/10.1145/501983.502000},
 doi = {10.1145/501983.502000},
 acmid = {502000},
 publisher = {ACM},
 address = {New York, NY, USA},
 keywords = {anonymous credentials, electronic voting, honest-verifier, mix-net, permutation, universal verifiability, verifiable mix, verifiable shuffle, zeroknowledge},
} 

@inproceedings{BG02,
 author = {Boneh, Dan and Golle, Philippe},
 title = {Almost entirely correct mixing with applications to voting},
 booktitle = {Proceedings of the 9th ACM conference on Computer and communications security},
 series = {CCS '02},
 year = {2002},
 isbn = {1-58113-612-9},
 location = {Washington, DC, USA},
 pages = {68--77},
 numpages = {10},
 url = {http://doi.acm.org/10.1145/586110.586121},
 doi = {10.1145/586110.586121},
 acmid = {586121},
 publisher = {ACM},
 address = {New York, NY, USA},
 keywords = {electronic voting, mix networks},
} 

@INPROCEEDINGS{JJR02,
    author = {Markus Jakobsson and Ari Juels and Ronald L. Rivest},
    title = {Making mix nets robust for electronic voting by randomized partial checking},
    booktitle = {In USENIX Security Symposium},
    year = {2002},
    pages = {339--353}
}

@INPROCEEDINGS{Opt02,
    author = {Philippe Golle and Sheng Zhong and Dan Boneh and Markus Jakobsson and Ari Juels},
    title = {Optimistic Mixing for Exit-Polls},
    booktitle = {Asiacrypt 2002, LNCS 2501},
    year = {2002},
    pages = {451--465},
    publisher = {Springer-Verlag}
}

@TECHREPORT{Neff04,
    author = {C. Andrew Neff},
    title = {Verifiable Mixing (Shuffling) of ElGamal Pairs},
    institution = {In proceedings of PET '03, LNCS series},
    year = {2004}
}

@ONLINE{Riv6897,
  Author = {Ronald Rivest},
  Institution = {MIT},
  Howpublished = {},
  Year = {2004},
  Title = {6.897 - Selected Topics in Cryptography}
  url = {http://courses.csail.mit.edu/6.897/spring04/index.html}
}

@phdthesis{adidaPhd,
  title={Advances in cryptographic voting systems},
  author={Adida, B.},
  year={2006},
  school={Massachusetts Institute of Technology}
}

@ONLINE{AdidaGoogle,
  Author = {Ben Adida},
  Institution = {Google},
  Howpublished = {},
  Year = {2007},
  Title = {Verifying Elections With Cryptography}
  url = {http://saweis.net/pdfs/adida191207.pdf}
}

@ONLINE{JAH12,
author = {J. Alex Halderman},
title = {Securing Digital Democracy},
howpublished = {Coursera Online Course},
month = {September},
year = {2012},
url = {https://www.coursera.org/course/digitaldemocracy} 
}


@ONLINE{MixVote10,
  Author = {Douglas Winkstom},
  Institution = {KTH Stockholm},
  Howpublished = {Secvote 2010},
  Year = {2010},
  Title = {Mixnets for Voting},
  url = {http://secvote.uni.lu/2010/files/thu/02-Douglas_Wikstrom-mixnets.pdf}
}

@ONLINE{Kiayias11,
  Author = {Aggelos Kiayias},
  Institution = {University Of Athens},  
  Year = {2011},
  Title = {Cryptography Primitives and Protocols},
  url = {crypto.di.uoa.gr/class/Kryptographia/Semeioseis_files/Cryptograph_Primitives_and_Protocols.pdf}
}

@MISC{ZKPrimer,
  Author = {Gerardo I. Simari},
  Institution = {Universidad Nacional del Sur},
  Year = {2002},
  Title = {A primer on zero knowledge protocols},
  url = {http://cs.uns.edu.ar/~gis/publications/zkp-simari2002.pdf}
}
