@inproceedings{chaum83blindsign,
  added-at = {2008-07-22T13:15:41.000+0200},
  author = {Chaum, David},
  biburl = {http://www.bibsonomy.org/bibtex/2a718341abb612313d26e241bff92fa17/pape},
  booktitle = {Advances in Cryptology Proceedings of Crypto 82},
  editor = {Chaum, D. and Rivest, R.L. and Sherman, A.T.},
  file = {chaum82blind_sign.pdf:chaum82blind_sign.pdf:PDF},
  interhash = {e74c68c5744df9c8cc0f773e48da8780},
  intrahash = {a718341abb612313d26e241bff92fa17},
  keywords = {Privacy, Signature blind},
  owner = {spax},
  pages = {199-203},
  timestamp = {2008-07-22T13:15:41.000+0200},
  title = {Blind Signatures for Untraceable Payments},
  year = 1983
}

@inproceedings{FOO92,
 author = {Fujioka, Atsushi and Okamoto, Tatsuaki and Ohta, Kazuo},
 title = {A Practical Secret Voting Scheme for Large Scale Elections},
 booktitle = {Proceedings of the Workshop on the Theory and Application of Cryptographic Techniques: Advances in Cryptology},
 series = {ASIACRYPT '92},
 year = {1993},
 isbn = {3-540-57220-1},
 pages = {244--251},
 numpages = {8},
 url = {http://dl.acm.org/citation.cfm?id=647091.713943},
 acmid = {713943},
 publisher = {Springer-Verlag},
 address = {London, UK, UK},
} 

@incollection{OMAFO,
year={1999},
isbn={978-3-540-66695-0},
booktitle={Information Security},
volume={1729},
series={Lecture Notes in Computer Science},
doi={10.1007/3-540-47790-X_19},
title={An Improvement on a Practical Secret Voting Scheme},
url={http://dx.doi.org/10.1007/3-540-47790-X_19},
publisher={Springer Berlin Heidelberg},
author={Ohkubo, Miyako and Miura, Fumiaki and Abe, Masayuki and Fujioka, Atsushi and Okamoto, Tatsuaki},
pages={225-234},
language={English}
}

@inproceedings{hesu98,
  title={A new practical secure e-voting scheme},
  author={He, Qi and Su, Zhongmin},
  booktitle={IFIP SEC},
  volume={98},
  pages={196--205},
  year={1998}
}

	 
@inproceedings{Ceti2007,
  author    = {Orhan Cetinkaya and
               Ali Doganaksoy},
  title     = {Pseudo-Voter Identity (PVID) Scheme for e-Voting Protocols},
  booktitle = {ARES},
  year      = {2007},
  pages     = {1190-1196},
  ee        = {http://doi.ieeecomputersociety.org/10.1109/ARES.2007.119},
  crossref  = {DBLP:conf/IEEEares/2007},
  bibsource = {DBLP, http://dblp.uni-trier.de}
}
	 
@incollection{OKA96,
year={1996},
isbn={978-1-4757-4416-3},
booktitle={Advanced IT Tools},
series={IFIP â€” The International Federation for Information Processing},
editor={Terashima, Nobuyoshi and Altman, Edward},
doi={10.1007/978-0-387-34979-4_3},
title={An electronic voting scheme},
url={http://dx.doi.org/10.1007/978-0-387-34979-4_3},
publisher={Springer US},
keywords={Secure Communication; Electronic Voting; Electronic Ballot; Electronic Questionnaire; Auction; Cryptology},
author={Okamoto, Tatsuaki},
pages={21-30},
language={English}
}

@inproceedings{oka98,
  title={Receipt-free electronic voting schemes for large scale elections},
  author={Okamoto, Tatsuaki},
  booktitle={Security Protocols},
  pages={25--35},
  year={1998},
  organization={Springer}
}
 