@book{Katz:2007:IMC:1206501,
 author = {Katz, Jonathan and Lindell, Yehuda},
 title = {Introduction to Modern Cryptography (Chapman \& Hall/Crc Cryptography and Network Security Series)},
 year = {2007},
 isbn = {1584885513},
 publisher = {Chapman \& Hall/CRC},
} 

@MISC{Shoup98whychosen,
    author = {Victor Shoup},
    title = {Why Chosen Ciphertext Security Matters},
    year = {1998}
}
  
@ONLINE{BON12,
author = {Dan Boneh},
title = {Cryptography I},
howpublished = {Coursera Online Course},
month = {November},
year = {2012},
url = {https://class.coursera.org/crypto-004}
}

@INPROCEEDINGS{Bellare95optimalasymmetric,
    author = {Mihir Bellare and Phillip Rogaway},
    title = {Optimal Asymmetric Encryption – How to Encrypt with RSA},
    booktitle = {},
    year = {1995},
    pages = {92--111},
    publisher = {Springer-Verlag}
}

@INPROCEEDINGS{Bleichenbacher98chosenciphertext,
    author = {Daniel Bleichenbacher},
    title = {Chosen Ciphertext Attacks Against Protocols Based on the RSA Encryption Standard PKCS1},
    booktitle = {},
    year = {1998},
    pages = {1--12},
    publisher = {Springer-Verlag}
}

@incollection{cs98,
year={1998},
isbn={978-3-540-64892-5},
booktitle={Advances in Cryptology — CRYPTO '98},
volume={1462},
series={Lecture Notes in Computer Science},
editor={Krawczyk, Hugo},
doi={10.1007/BFb0055717},
title={A practical public key cryptosystem provably secure against adaptive chosen ciphertext attack},
url={http://dx.doi.org/10.1007/BFb0055717},
publisher={Springer Berlin Heidelberg},
author={Cramer, Ronald and Shoup, Victor},
pages={13-25}
}
