@inproceedings{CF85,
  author    = {Josh D. Cohen and
               Michael J. Fischer},
  title     = {A Robust and Verifiable Cryptographically Secure Election
               Scheme (Extended Abstract)},
  booktitle = {FOCS},
  year      = {1985},
  pages     = {372-382},
  ee        = {http://doi.ieeecomputersociety.org/10.1109/SFCS.1985.2},
  crossref  = {DBLP:conf/focs/FOCS26},
  bibsource = {DBLP, http://dblp.uni-trier.de}
}

@inproceedings{Damgard2001,
 author = {Damg{\aa}rd, Ivan and Jurik, Mats},
 title = {A Generalisation, a Simplification and Some Applications of Paillier's Probabilistic Public-Key System},
 booktitle = {Proceedings of the 4th International Workshop on Practice and Theory in Public Key Cryptography: Public Key Cryptography},
 series = {PKC '01},
 year = {2001},
 isbn = {3-540-41658-7},
 pages = {119--136},
 numpages = {18},
 url = {http://dl.acm.org/citation.cfm?id=648118.746742},
 acmid = {746742},
 publisher = {Springer-Verlag},
 address = {London, UK, UK},
} 

@ARTICLE{Damgard2003,
    author = {Damg{\aa}rd, Ivan and Mads Jurik and Jesper Buus Nielsen},
    title = {A Generalization of Paillier's Public-Key System with Applications to Electronic Voting},
    journal = {P Y A RYAN},
    year = {2003},
    pages = {3}
}

@misc{BenCryptoWiki13,
   author = "Wikipedia",
   title = "Benaloh cryptosystem",
   year = "2012",
   url = {http://en.wikipedia.org/wiki/Benaloh_cryptosystem},
   note = "[Online; accessed 2-September-2013]"
 }
 
 @inproceedings{CDS94,
 author = {Cramer, Ronald and Damg{\aa}rd, Ivan and Schoenmakers, Berry},
 title = {Proofs of Partial Knowledge and Simplified Design of Witness Hiding Protocols},
 booktitle = {Proceedings of the 14th Annual International Cryptology Conference on Advances in Cryptology},
 series = {CRYPTO '94},
 year = {1994},
 isbn = {3-540-58333-5},
 pages = {174--187},
 numpages = {14},
 url = {http://dl.acm.org/citation.cfm?id=646759.705842},
 acmid = {705842},
 publisher = {Springer-Verlag},
 address = {London, UK, UK}
} 

@book{Katz:2007:IMC:1206501,
 author = {Katz, Jonathan and Lindell, Yehuda},
 title = {Introduction to Modern Cryptography (Chapman \& Hall/Crc Cryptography and Network Security Series)},
 year = {2007},
 isbn = {1584885513},
 publisher = {Chapman \& Hall/CRC},
} 

@inproceedings{CY86,
 author = {Benaloh, Josh C and Yung, Moti},
 title = {Distributing the power of a government to enhance the privacy of voters},
 booktitle = {Proceedings of the fifth annual ACM symposium on Principles of distributed computing},
 series = {PODC '86},
 year = {1986},
 isbn = {0-89791-198-9},
 location = {Calgary, Alberta, Canada},
 pages = {52--62},
 numpages = {11},
 url = {http://doi.acm.org/10.1145/10590.10595},
 doi = {10.1145/10590.10595},
 acmid = {10595},
 publisher = {ACM},
 address = {New York, NY, USA}
} 

@inproceedings{BHSS86,
  added-at = {2013-03-14T03:40:15.000+0100},
  author = {Benaloh, Josh Cohen},
  biburl = {http://www.bibsonomy.org/bibtex/2e8a3940ff32d58904da074d5562c8c13/lijw},
  booktitle = {Advances in Cryptology - CRYPTO},
  description = {dblp},
  editor = {Odlyzko, Andrew M.},
  interhash = {a0ed9b9bfda87ccbafa6bda4e9fdeeb6},
  intrahash = {e8a3940ff32d58904da074d5562c8c13},
  keywords = {secret sharing},
  pages = {251-260},
  publisher = {Springer},
  series = {Lecture Notes in Computer Science},
  timestamp = {2013-03-14T03:40:15.000+0100},
  title = {Secret Sharing Homomorphisms: Keeping Shares of A Secret Sharing.},
  volume = 263,
  year = 1986
}

@inproceedings{Baudron2001,
 author = {Baudron, Olivier and Fouque, Pierre-Alain and Pointcheval, David and Stern, Jacques and Poupard, Guillaume},
 title = {Practical multi-candidate election system},
 booktitle = {Proceedings of the twentieth annual ACM symposium on Principles of distributed computing},
 series = {PODC '01},
 year = {2001},
 isbn = {1-58113-383-9},
 location = {Newport, Rhode Island, USA},
 pages = {274--283},
 numpages = {10},
 url = {http://doi.acm.org/10.1145/383962.384044},
 doi = {10.1145/383962.384044},
 acmid = {384044},
 publisher = {ACM},
 address = {New York, NY, USA},
} 

@INPROCEEDINGS{CFSY96,
    author = {Ronald Cramer and Matthew Franklin and Berry Schoenmakers and Moti Yung},
    title = {Multi-authority secret-ballot elections with linear work},
    booktitle = {},
    year = {1996},
    pages = {72--83},
    publisher = {Springer-Verlag}
}

@INPROCEEDINGS{CGS97,
    author = {Ronald Cramer and Rosario Gennaro and Berry Schoenmakers},
    title = {A Secure and Optimally Efficient Multi-Authority Election Scheme},
    booktitle = {},
    year = {1997},
    pages = {103--118},
    publisher = {Springer-Verlag}
}

@INPROCEEDINGS{PVSS99,
    author = {Berry Schoenmakers},
    title = {A simple publicly verifiable secret sharing scheme and its application to electronic voting},
    booktitle = {In CRYPTO},
    year = {1999},
    pages = {148--164},
    publisher = {Springer-Verlag}
}