@inproceedings{CF85,
  author    = {Josh D. Cohen and
               Michael J. Fischer},
  title     = {A Robust and Verifiable Cryptographically Secure Election
               Scheme (Extended Abstract)},
  booktitle = {FOCS},
  year      = {1985},
  pages     = {372-382},
  ee        = {http://doi.ieeecomputersociety.org/10.1109/SFCS.1985.2},
  crossref  = {DBLP:conf/focs/FOCS26},
  bibsource = {DBLP, http://dblp.uni-trier.de}
}

@inproceedings{CY86,
 author = {Benaloh, Josh C and Yung, Moti},
 title = {Distributing the power of a government to enhance the privacy of voters},
 booktitle = {Proceedings of the fifth annual ACM symposium on Principles of distributed computing},
 series = {PODC '86},
 year = {1986},
 isbn = {0-89791-198-9},
 location = {Calgary, Alberta, Canada},
 pages = {52--62},
 numpages = {11},
 url = {http://doi.acm.org/10.1145/10590.10595},
 doi = {10.1145/10590.10595},
 acmid = {10595},
 publisher = {ACM},
 address = {New York, NY, USA}
} 

@inproceedings{BT94,
 author = {Benaloh, Josh and Tuinstra, Dwight},
 title = {Receipt-free secret-ballot elections (extended abstract)},
 booktitle = {Proceedings of the twenty-sixth annual ACM symposium on Theory of computing},
 series = {STOC '94},
 year = {1994},
 isbn = {0-89791-663-8},
 location = {Montreal, Quebec, Canada},
 pages = {544--553},
 numpages = {10},
 url = {http://doi.acm.org/10.1145/195058.195407},
 doi = {10.1145/195058.195407},
 acmid = {195407},
 publisher = {ACM},
 address = {New York, NY, USA},
} 

@misc{Jonker13,
    author = {Hugo Jonker and Sjouke Mauw and Jun Pang},
    title = {Privacy and Verifiability in Voting Systems: Methods, Developments and Trends},
    howpublished = {Cryptology ePrint Archive, Report 2013/615},
    year = {2013},
    note = {\url{http://eprint.iacr.org/}},
}

@inproceedings{HS00,
 author = {Hirt, Martin and Sako, Kazue},
 title = {Efficient receipt-free voting based on homomorphic encryption},
 booktitle = {Proceedings of the 19th international conference on Theory and application of cryptographic techniques},
 series = {EUROCRYPT'00},
 year = {2000},
 isbn = {3-540-67517-5},
 location = {Bruges, Belgium},
 pages = {539--556},
 numpages = {18},
 url = {http://dl.acm.org/citation.cfm?id=1756169.1756222},
 acmid = {1756222},
 publisher = {Springer-Verlag},
 address = {Berlin, Heidelberg},
}

@inproceedings{SK95,
  title = {Receipt-Free {MIX}-Type Voting Scheme - A Practical Solution to the
        Implementation of a Voting Booth}, 
  author = {Joe Kilian and Kazue Sako}, 
  booktitle = {Proceedings of {EUROCRYPT} 1995}, 
  year = {1995}, 
  publisher = {Springer-Verlag}   
}

@inproceedings{JSI96,
  added-at = {2011-12-23T00:00:00.000+0100},
  author = {Jakobsson, Markus and Sako, Kazue and Impagliazzo, Russell},
  biburl = {http://www.bibsonomy.org/bibtex/273bf01ae3704721977fc5f8dc20121c9/dblp},
  booktitle = {EUROCRYPT},
  crossref = {conf/eurocrypt/96},
  editor = {Maurer, Ueli M.},
  ee = {http://dx.doi.org/10.1007/3-540-68339-9_13},
  interhash = {9512f502cd5835593f2c341e10c3d688},
  intrahash = {73bf01ae3704721977fc5f8dc20121c9},
  isbn = {3-540-61186-X},
  keywords = {dblp},
  pages = {143-154},
  publisher = {Springer},
  series = {Lecture Notes in Computer Science},
  timestamp = {2011-12-23T00:00:00.000+0100},
  title = {Designated Verifier Proofs and Their Applications.},
  url = {http://dblp.uni-trier.de/db/conf/eurocrypt/eurocrypt96.html#JakobssonSI96},
  volume = 1070,
  year = 1996
}

@INPROCEEDINGS{CGS97,
    author = {Ronald Cramer and Rosario Gennaro and Berry Schoenmakers},
    title = {A Secure and Optimally Efficient Multi-Authority Election Scheme},
    booktitle = {},
    year = {1997},
    pages = {103--118},
    publisher = {Springer-Verlag}
}
