@inproceedings{Paillier:1999:PCB:1756123.1756146,
 author = {Paillier, Pascal},
 title = {Public-key cryptosystems based on composite degree residuosity classes},
 booktitle = {Proceedings of the 17th international conference on Theory and application of cryptographic techniques},
 series = {EUROCRYPT'99},
 year = {1999},
 isbn = {3-540-65889-0},
 location = {Prague, Czech Republic},
 pages = {223--238},
 numpages = {16},
 url = {http://dl.acm.org/citation.cfm?id=1756123.1756146},
 acmid = {1756146},
 publisher = {Springer-Verlag},
 address = {Berlin, Heidelberg},
} 

@ONLINE{PaillierTallying,
  Author = {Sansar Choinyambuu},
  Institution = {HSR Hochschule fur Technik Rapperswil},
  Howpublished = {},
  Year = {2009},
  Title = {Homomorphic Tallying with Paillier Cryptosystem}
  url = {http://security.hsr.ch/msevote/seminar-papers/HS09_Homomorphic_Tallying_with_Paillier.pdf}
}

@ONLINE{PaillierIntro,
  Author = {Tobias Volkhausen},
  Institution = {HSR Hochschule fur Technik Rapperswil},
  Howpublished = {},
  Year = {2006},
  Title = {Paillier Cryptosystem: A Mathematical Introduction}
  url = {http://www2.cs.uni-paderborn.de/cs/ag-bloemer/lehre/proseminar_WS2005/material/Volkhausen_Ausarbeitung.pdf?PHPSESSID=42ccf461fe069f8024b02b76be52b034}
}

@ONLINE{PaillierOKeefe,
  Author = {Michael O’Keeffe},
  Institution = {The College of New Jersey},
  Howpublished = {},
  Year = {2008},
  Title = {The Paillier Cryptosystem - A Look Into The Cryptosystem And Its Potential Application}
  url = {http://www.tcnj.edu/~hagedorn/papers/CapstonePapers/OKeeffe/CapstoneOKeeffeCryptography.pdf}
}
@inproceedings{fouque2001sharing,
  title={Sharing decryption in the context of voting or lotteries},
  author={Fouque, Pierre-Alain and Poupard, Guillaume and Stern, Jacques},
  booktitle={Financial Cryptography},
  pages={90--104},
  year={2001},
  organization={Springer}
}

@inproceedings{Damgard:2001:GSA:648118.746742,
 author = {Damg{\aa}rd, Ivan and Jurik, Mats},
 title = {A Generalisation, a Simplification and Some Applications of Paillier's Probabilistic Public-Key System},
 booktitle = {Proceedings of the 4th International Workshop on Practice and Theory in Public Key Cryptography: Public Key Cryptography},
 series = {PKC '01},
 year = {2001},
 isbn = {3-540-41658-7},
 pages = {119--136},
 numpages = {18},
 url = {http://dl.acm.org/citation.cfm?id=648118.746742},
 acmid = {746742},
 publisher = {Springer-Verlag},
 address = {London, UK, UK},
} 

@ARTICLE{Damgard03ageneralization,
    author = {Ivan Damgard and Mads Jurik and Jesper Buus Nielsen},
    title = {A Generalization of Paillier's Public-Key System with Applications to Electronic Voting},
    journal = {P Y A RYAN},
    year = {2003},
    pages = {3}
}

@inproceedings{Baudron:2001:PME:383962.384044,
 author = {Baudron, Olivier and Fouque, Pierre-Alain and Pointcheval, David and Stern, Jacques and Poupard, Guillaume},
 title = {Practical multi-candidate election system},
 booktitle = {Proceedings of the twentieth annual ACM symposium on Principles of distributed computing},
 series = {PODC '01},
 year = {2001},
 isbn = {1-58113-383-9},
 location = {Newport, Rhode Island, USA},
 pages = {274--283},
 numpages = {10},
 url = {http://doi.acm.org/10.1145/383962.384044},
 doi = {10.1145/383962.384044},
 acmid = {384044},
 publisher = {ACM},
 address = {New York, NY, USA},
} 

@inproceedings{Shoup:2000:PTS:1756169.1756190,
 author = {Shoup, Victor},
 title = {Practical threshold signatures},
 booktitle = {Proceedings of the 19th international conference on Theory and application of cryptographic techniques},
 series = {EUROCRYPT'00},
 year = {2000},
 isbn = {3-540-67517-5},
 location = {Bruges, Belgium},
 pages = {207--220},
 numpages = {14},
 url = {http://dl.acm.org/citation.cfm?id=1756169.1756190},
 acmid = {1756190},
 publisher = {Springer-Verlag},
 address = {Berlin, Heidelberg},
} 






